<record><leader>00000cas a2200000Ma 4500</leader><controlfield tag="001">10984729</controlfield><controlfield tag="008">840725d18751878nhuwr ne      0    0eng d</controlfield><datafield ind1=" " ind2=" " tag="010"><subfield code="a">sn 84023780 </subfield></datafield><datafield ind1=" " ind2=" " tag="040"><subfield code="a">AQM</subfield><subfield code="b">eng</subfield><subfield code="c">AQM</subfield><subfield code="d">OCLCQ</subfield></datafield><datafield ind1="0" ind2="4" tag="245"><subfield code="a">The Littleton Argus.</subfield></datafield><datafield ind1="1" ind2="3" tag="246"><subfield code="a">Ammonoosuc Valley Argus</subfield></datafield><datafield ind1=" " ind2=" " tag="260"><subfield code="a">Littleton, N.H. :</subfield><subfield code="b">James S. Peavey</subfield></datafield><datafield ind1=" " ind2=" " tag="300"><subfield code="a">v.</subfield></datafield><datafield ind1=" " ind2=" " tag="310"><subfield code="a">Weekly</subfield></datafield><datafield ind1="1" ind2=" " tag="362"><subfield code="a">Began with Dec. 25, 1875 issue; ceased with May 3, 1878 issue.</subfield><subfield code="z">Cf. Amer. newspapers, 1821-1936.</subfield></datafield><datafield ind1=" " ind2=" " tag="500"><subfield code="a">Published as: Ammonoosuc Valley Argus, June-Dec., 1877. Cf. Amer. newspapers, 1821-1936.</subfield></datafield><datafield ind1=" " ind2=" " tag="588"><subfield code="a">Description based on: Vol. 1, no. 29 (July 12, 1876).</subfield></datafield><datafield ind1=" " ind2="7" tag="655"><subfield code="a">Newspapers.</subfield><subfield code="2">rbgenr</subfield></datafield><datafield ind1=" " ind2=" " tag="752"><subfield code="a">United States</subfield><subfield code="b">New Hampshire</subfield><subfield code="c">Grafton</subfield><subfield code="d">Littleton.</subfield></datafield><datafield ind1="0" ind2="4" tag="785"><subfield code="t">Coos Republican</subfield><subfield code="w">(DLC)sn 84023607</subfield></datafield></record>